
    <marc:record>
        <marc:leader>07476cam a2201165 i 4500</marc:leader>
        <marc:controlfield tag="001">945006014</marc:controlfield>
        <marc:controlfield tag="005">20240717211608.4</marc:controlfield>
        <marc:controlfield tag="008">160317t20162016ncua    ob    001 0 eng c</marc:controlfield>
        <marc:controlfield tag="006">m     o  d        </marc:controlfield>
        <marc:controlfield tag="007">cr cn|||||||||</marc:controlfield>
        <marc:datafield tag="040" ind1=" " ind2=" ">
            <marc:subfield code="a">NDD</marc:subfield>
            <marc:subfield code="b">eng</marc:subfield>
            <marc:subfield code="e">rda</marc:subfield>
            <marc:subfield code="e">pn</marc:subfield>
            <marc:subfield code="c">NDD</marc:subfield>
            <marc:subfield code="d">YDXCP</marc:subfield>
            <marc:subfield code="d">N$T</marc:subfield>
            <marc:subfield code="d">IDEBK</marc:subfield>
            <marc:subfield code="d">N$T</marc:subfield>
            <marc:subfield code="d">CUS</marc:subfield>
            <marc:subfield code="d">EBLCP</marc:subfield>
            <marc:subfield code="d">CDX</marc:subfield>
            <marc:subfield code="d">WAU</marc:subfield>
            <marc:subfield code="d">IDB</marc:subfield>
            <marc:subfield code="d">VLB</marc:subfield>
            <marc:subfield code="d">UAB</marc:subfield>
            <marc:subfield code="d">OCLCQ</marc:subfield>
            <marc:subfield code="d">U3W</marc:subfield>
            <marc:subfield code="d">MERUC</marc:subfield>
            <marc:subfield code="d">IOG</marc:subfield>
            <marc:subfield code="d">TJC</marc:subfield>
            <marc:subfield code="d">OCLCF</marc:subfield>
            <marc:subfield code="d">VOD</marc:subfield>
            <marc:subfield code="d">OCLCQ</marc:subfield>
            <marc:subfield code="d">H9Z</marc:subfield>
            <marc:subfield code="d">RRP</marc:subfield>
            <marc:subfield code="d">INT</marc:subfield>
            <marc:subfield code="d">OTZ</marc:subfield>
            <marc:subfield code="d">OCLCQ</marc:subfield>
            <marc:subfield code="d">LEAUB</marc:subfield>
            <marc:subfield code="d">OCLCE</marc:subfield>
            <marc:subfield code="d">CNTRU</marc:subfield>
            <marc:subfield code="d">OCLCQ</marc:subfield>
            <marc:subfield code="d">AU@</marc:subfield>
            <marc:subfield code="d">OCLCQ</marc:subfield>
            <marc:subfield code="d">GZM</marc:subfield>
            <marc:subfield code="d">P@U</marc:subfield>
            <marc:subfield code="d">JSTOR</marc:subfield>
            <marc:subfield code="d">SFB</marc:subfield>
            <marc:subfield code="d">OCLCA</marc:subfield>
            <marc:subfield code="d">DEGRU</marc:subfield>
            <marc:subfield code="d">OCLCO</marc:subfield>
            <marc:subfield code="d">KCC</marc:subfield>
            <marc:subfield code="d">OCLCO</marc:subfield>
            <marc:subfield code="d">DGITA</marc:subfield>
            <marc:subfield code="d">OCLCQ</marc:subfield>
            <marc:subfield code="d">OCLCO</marc:subfield>
            <marc:subfield code="d">OCLCL</marc:subfield>
            <marc:subfield code="d">SXB</marc:subfield>
            <marc:subfield code="d">OCLCQ</marc:subfield>
            <marc:subfield code="d">WAU</marc:subfield>
        </marc:datafield>
        <marc:datafield tag="019" ind1=" " ind2=" ">
            <marc:subfield code="a">930451494</marc:subfield>
            <marc:subfield code="a">961003783</marc:subfield>
            <marc:subfield code="a">965412932</marc:subfield>
            <marc:subfield code="a">1058932277</marc:subfield>
            <marc:subfield code="a">1089720674</marc:subfield>
            <marc:subfield code="a">1097119212</marc:subfield>
            <marc:subfield code="a">1097268914</marc:subfield>
            <marc:subfield code="a">1127173689</marc:subfield>
            <marc:subfield code="a">1136363830</marc:subfield>
            <marc:subfield code="a">1143615885</marc:subfield>
            <marc:subfield code="a">1144328903</marc:subfield>
            <marc:subfield code="a">1158220829</marc:subfield>
            <marc:subfield code="a">1266910474</marc:subfield>
            <marc:subfield code="a">1303455338</marc:subfield>
        </marc:datafield>
        <marc:datafield tag="020" ind1=" " ind2=" ">
            <marc:subfield code="a">9780822374213</marc:subfield>
            <marc:subfield code="q">(electronic book)</marc:subfield>
        </marc:datafield>
        <marc:datafield tag="020" ind1=" " ind2=" ">
            <marc:subfield code="a">0822374218</marc:subfield>
            <marc:subfield code="q">(electronic book)</marc:subfield>
        </marc:datafield>
        <marc:datafield tag="020" ind1=" " ind2=" ">
            <marc:subfield code="z">9780822361404</marc:subfield>
            <marc:subfield code="q">(hardcover)</marc:subfield>
        </marc:datafield>
        <marc:datafield tag="020" ind1=" " ind2=" ">
            <marc:subfield code="z">082236140X</marc:subfield>
            <marc:subfield code="q">(hardcover)</marc:subfield>
        </marc:datafield>
        <marc:datafield tag="020" ind1=" " ind2=" ">
            <marc:subfield code="z">9780822361596</marc:subfield>
            <marc:subfield code="q">(paperback)</marc:subfield>
        </marc:datafield>
        <marc:datafield tag="020" ind1=" " ind2=" ">
            <marc:subfield code="z">0822361590</marc:subfield>
            <marc:subfield code="q">(paperback)</marc:subfield>
        </marc:datafield>
        <marc:datafield tag="024" ind1="7" ind2=" ">
            <marc:subfield code="a">10.1515/9780822374213</marc:subfield>
            <marc:subfield code="2">doi</marc:subfield>
        </marc:datafield>
        <marc:datafield tag="037" ind1=" " ind2=" ">
            <marc:subfield code="a">22573/ctv1134bj3</marc:subfield>
            <marc:subfield code="b">JSTOR</marc:subfield>
        </marc:datafield>
        <marc:datafield tag="042" ind1=" " ind2=" ">
            <marc:subfield code="a">dlr</marc:subfield>
            <marc:subfield code="a">pcc</marc:subfield>
        </marc:datafield>
        <marc:datafield tag="050" ind1=" " ind2="4">
            <marc:subfield code="a">HQ980</marc:subfield>
            <marc:subfield code="b">.W555 2016eb</marc:subfield>
        </marc:datafield>
        <marc:datafield tag="072" ind1=" " ind2="7">
            <marc:subfield code="a">POL</marc:subfield>
            <marc:subfield code="x">038000</marc:subfield>
            <marc:subfield code="2">bisacsh</marc:subfield>
        </marc:datafield>
        <marc:datafield tag="072" ind1=" " ind2="7">
            <marc:subfield code="a">SOC</marc:subfield>
            <marc:subfield code="x">002010</marc:subfield>
            <marc:subfield code="2">bisacsh</marc:subfield>
        </marc:datafield>
        <marc:datafield tag="072" ind1=" " ind2="7">
            <marc:subfield code="a">SOC</marc:subfield>
            <marc:subfield code="x">022000</marc:subfield>
            <marc:subfield code="2">bisacsh</marc:subfield>
        </marc:datafield>
        <marc:datafield tag="072" ind1=" " ind2="7">
            <marc:subfield code="a">SOC</marc:subfield>
            <marc:subfield code="x">026010</marc:subfield>
            <marc:subfield code="2">bisacsh</marc:subfield>
        </marc:datafield>
        <marc:datafield tag="072" ind1=" " ind2="7">
            <marc:subfield code="a">SOC</marc:subfield>
            <marc:subfield code="x">010000</marc:subfield>
            <marc:subfield code="2">bisacsh</marc:subfield>
        </marc:datafield>
        <marc:datafield tag="072" ind1=" " ind2="7">
            <marc:subfield code="a">SOC</marc:subfield>
            <marc:subfield code="x">017000</marc:subfield>
            <marc:subfield code="2">bisacsh</marc:subfield>
        </marc:datafield>
        <marc:datafield tag="082" ind1="0" ind2="4">
            <marc:subfield code="a">306.8423</marc:subfield>
            <marc:subfield code="2">23</marc:subfield>
        </marc:datafield>
        <marc:datafield tag="049" ind1=" " ind2=" ">
            <marc:subfield code="a">WAUW</marc:subfield>
        </marc:datafield>
        <marc:datafield tag="100" ind1="1" ind2=" ">
            <marc:subfield code="a">Willey, Angela,</marc:subfield>
            <marc:subfield code="d">1978-</marc:subfield>
            <marc:subfield code="e">author.</marc:subfield>
            <marc:subfield code="1">https://id.oclc.org/worldcat/entity/E39PBJfh8qkpKYQ6cBkFFQdRKd</marc:subfield>
        </marc:datafield>
        <marc:datafield tag="245" ind1="1" ind2="0">
            <marc:subfield code="a">Undoing monogamy :</marc:subfield>
            <marc:subfield code="b">the politics of science and the possibilities of biology /</marc:subfield>
            <marc:subfield code="c">Angela Willey.</marc:subfield>
        </marc:datafield>
        <marc:datafield tag="264" ind1=" " ind2="1">
            <marc:subfield code="a">Durham :</marc:subfield>
            <marc:subfield code="b">Duke University Press,</marc:subfield>
            <marc:subfield code="c">[2016]</marc:subfield>
        </marc:datafield>
        <marc:datafield tag="264" ind1=" " ind2="4">
            <marc:subfield code="c">©2016</marc:subfield>
        </marc:datafield>
        <marc:datafield tag="300" ind1=" " ind2=" ">
            <marc:subfield code="a">1 online resource (xiv, 195 pages) :</marc:subfield>
            <marc:subfield code="b">illustrations</marc:subfield>
        </marc:datafield>
        <marc:datafield tag="336" ind1=" " ind2=" ">
            <marc:subfield code="a">text</marc:subfield>
            <marc:subfield code="b">txt</marc:subfield>
            <marc:subfield code="2">rdacontent</marc:subfield>
        </marc:datafield>
        <marc:datafield tag="337" ind1=" " ind2=" ">
            <marc:subfield code="a">computer</marc:subfield>
            <marc:subfield code="b">c</marc:subfield>
            <marc:subfield code="2">rdamedia</marc:subfield>
        </marc:datafield>
        <marc:datafield tag="338" ind1=" " ind2=" ">
            <marc:subfield code="a">online resource</marc:subfield>
            <marc:subfield code="b">cr</marc:subfield>
            <marc:subfield code="2">rdacarrier</marc:subfield>
        </marc:datafield>
        <marc:datafield tag="340" ind1=" " ind2=" ">
            <marc:subfield code="g">monochrome</marc:subfield>
            <marc:subfield code="2">rdacc</marc:subfield>
        </marc:datafield>
        <marc:datafield tag="340" ind1=" " ind2=" ">
            <marc:subfield code="g">black and white</marc:subfield>
        </marc:datafield>
        <marc:datafield tag="340" ind1=" " ind2=" ">
            <marc:subfield code="p">illustration</marc:subfield>
            <marc:subfield code="2">rdaill</marc:subfield>
        </marc:datafield>
        <marc:datafield tag="504" ind1=" " ind2=" ">
            <marc:subfield code="a">Includes bibliographical references (pages 147-190) and index.</marc:subfield>
        </marc:datafield>
        <marc:datafield tag="505" ind1="0" ind2=" ">
            <marc:subfield code="a">Politics and possibility: a queer feminist introduction to monogamy -- Monogamy's nature: colonial sexual science and its naturecultural fruits -- Making the monogamous human: mating, measurement, and the new science of bonding -- Making our poly nature: monogamy's inversion and the reproduction of difference -- Rethinking monogamy's nature: from the truth of non/monogamy to a dyke ethics of &quot;antimonogamy&quot; -- Biopossibility: molecular monogamy and Audre Lorde's erotic -- Dreams of a dyke science.</marc:subfield>
        </marc:datafield>
        <marc:datafield tag="588" ind1="0" ind2=" ">
            <marc:subfield code="a">Print version record.</marc:subfield>
        </marc:datafield>
        <marc:datafield tag="520" ind1=" " ind2=" ">
            <marc:subfield code="a">&quot;In Undoing Monogamy Angela Willey offers a radically interdisciplinary exploration of the concept of monogamy in U.S. science and culture, propelled by queer feminist desires for new modes of conceptualization and new forms of belonging. She approaches the politics and materiality of monogamy as intertwined with one another such that disciplinary ways of knowing themselves become an object of critical inquiry. Refusing to answer the naturalization of monogamy with a naturalization of nonmonogamy, Willey demands a critical reorientation toward the monogamy question in the natural sciences, social sciences, and humanities. The book examines colonial sexual science, monogamous voles, polyamory, and the work of Alison Bechdel and Audre Lorde to show how challenging the lens through which human nature is seen as monogamous or nonmonogamous forces us to reconsider our investments in coupling and in disciplinary notions of biological bodies&quot;--Provided by publisher.</marc:subfield>
        </marc:datafield>
        <marc:datafield tag="650" ind1=" " ind2="0">
            <marc:subfield code="a">Non-monogamous relationships.</marc:subfield>
        </marc:datafield>
        <marc:datafield tag="650" ind1=" " ind2="0">
            <marc:subfield code="a">Monogamous relationships.</marc:subfield>
        </marc:datafield>
        <marc:datafield tag="650" ind1=" " ind2="0">
            <marc:subfield code="a">Sexual minorities</marc:subfield>
            <marc:subfield code="x">Sexual behavior.</marc:subfield>
        </marc:datafield>
        <marc:datafield tag="650" ind1=" " ind2="0">
            <marc:subfield code="a">Sexual ethics.</marc:subfield>
        </marc:datafield>
        <marc:datafield tag="650" ind1=" " ind2="6">
            <marc:subfield code="a">Non-monogamie.</marc:subfield>
            <marc:subfield code="0">(CaQQLa)201-0347162</marc:subfield>
        </marc:datafield>
        <marc:datafield tag="650" ind1=" " ind2="6">
            <marc:subfield code="a">Monogamie.</marc:subfield>
            <marc:subfield code="0">(CaQQLa)201-0460566</marc:subfield>
        </marc:datafield>
        <marc:datafield tag="650" ind1=" " ind2="6">
            <marc:subfield code="a">Minorités sexuelles</marc:subfield>
            <marc:subfield code="0">(CaQQLa)201-0427879</marc:subfield>
            <marc:subfield code="x">Sexualité.</marc:subfield>
            <marc:subfield code="0">(CaQQLa)201-0379013</marc:subfield>
        </marc:datafield>
        <marc:datafield tag="650" ind1=" " ind2="6">
            <marc:subfield code="a">Morale sexuelle.</marc:subfield>
            <marc:subfield code="0">(CaQQLa)201-0002493</marc:subfield>
        </marc:datafield>
        <marc:datafield tag="650" ind1=" " ind2="7">
            <marc:subfield code="a">POLITICAL SCIENCE</marc:subfield>
            <marc:subfield code="x">Public Policy</marc:subfield>
            <marc:subfield code="x">Cultural Policy.</marc:subfield>
            <marc:subfield code="2">bisacsh</marc:subfield>
        </marc:datafield>
        <marc:datafield tag="650" ind1=" " ind2="7">
            <marc:subfield code="a">SOCIAL SCIENCE</marc:subfield>
            <marc:subfield code="x">Anthropology</marc:subfield>
            <marc:subfield code="x">Cultural.</marc:subfield>
            <marc:subfield code="2">bisacsh</marc:subfield>
        </marc:datafield>
        <marc:datafield tag="650" ind1=" " ind2="7">
            <marc:subfield code="a">SOCIAL SCIENCE</marc:subfield>
            <marc:subfield code="x">Popular Culture.</marc:subfield>
            <marc:subfield code="2">bisacsh</marc:subfield>
        </marc:datafield>
        <marc:datafield tag="650" ind1=" " ind2="7">
            <marc:subfield code="a">SOCIAL SCIENCE</marc:subfield>
            <marc:subfield code="x">Sociology</marc:subfield>
            <marc:subfield code="x">Marriage &amp; Family.</marc:subfield>
            <marc:subfield code="2">bisacsh</marc:subfield>
        </marc:datafield>
        <marc:datafield tag="650" ind1=" " ind2="7">
            <marc:subfield code="a">Monogamous relationships</marc:subfield>
            <marc:subfield code="2">fast</marc:subfield>
            <marc:subfield code="0">(OCoLC)fst01737818</marc:subfield>
        </marc:datafield>
        <marc:datafield tag="650" ind1=" " ind2="7">
            <marc:subfield code="a">Non-monogamous relationships</marc:subfield>
            <marc:subfield code="2">fast</marc:subfield>
            <marc:subfield code="0">(OCoLC)fst01038560</marc:subfield>
        </marc:datafield>
        <marc:datafield tag="650" ind1=" " ind2="7">
            <marc:subfield code="a">Sexual ethics</marc:subfield>
            <marc:subfield code="2">fast</marc:subfield>
            <marc:subfield code="0">(OCoLC)fst01114835</marc:subfield>
        </marc:datafield>
        <marc:datafield tag="650" ind1=" " ind2="7">
            <marc:subfield code="a">Monogamie</marc:subfield>
            <marc:subfield code="2">gnd</marc:subfield>
            <marc:subfield code="0">(DE-588)4170463-0</marc:subfield>
        </marc:datafield>
        <marc:datafield tag="650" ind1=" " ind2="7">
            <marc:subfield code="a">Sexuelle Sozialisation</marc:subfield>
            <marc:subfield code="2">gnd</marc:subfield>
            <marc:subfield code="0">(DE-588)4181119-7</marc:subfield>
        </marc:datafield>
        <marc:datafield tag="650" ind1=" " ind2="7">
            <marc:subfield code="a">Generatives Verhalten</marc:subfield>
            <marc:subfield code="2">gnd</marc:subfield>
            <marc:subfield code="0">(DE-588)4020118-1</marc:subfield>
        </marc:datafield>
        <marc:datafield tag="650" ind1=" " ind2="7">
            <marc:subfield code="a">Sozialwissenschaften</marc:subfield>
            <marc:subfield code="2">gnd</marc:subfield>
            <marc:subfield code="0">(DE-588)4055916-6</marc:subfield>
        </marc:datafield>
        <marc:datafield tag="650" ind1=" " ind2="7">
            <marc:subfield code="a">Non-monogamy.</marc:subfield>
            <marc:subfield code="2">homoit</marc:subfield>
            <marc:subfield code="0">https://homosaurus.org/v3/homoit0001659</marc:subfield>
        </marc:datafield>
        <marc:datafield tag="650" ind1=" " ind2="7">
            <marc:subfield code="a">Relationship orientation.</marc:subfield>
            <marc:subfield code="2">homoit</marc:subfield>
            <marc:subfield code="0">https://homosaurus.org/v3/homoit0001636</marc:subfield>
        </marc:datafield>
        <marc:datafield tag="650" ind1=" " ind2="7">
            <marc:subfield code="a">Monogamy.</marc:subfield>
            <marc:subfield code="2">homoit</marc:subfield>
            <marc:subfield code="0">https://homosaurus.org/v3/homoit0001019</marc:subfield>
        </marc:datafield>
        <marc:datafield tag="650" ind1=" " ind2="7">
            <marc:subfield code="a">Sexual relationships.</marc:subfield>
            <marc:subfield code="2">homoit</marc:subfield>
            <marc:subfield code="0">https://homosaurus.org/v3/homoit0001302</marc:subfield>
        </marc:datafield>
        <marc:datafield tag="650" ind1=" " ind2="7">
            <marc:subfield code="a">Partner preference.</marc:subfield>
            <marc:subfield code="2">homoit</marc:subfield>
            <marc:subfield code="0">https://homosaurus.org/v3/homoit0001081</marc:subfield>
        </marc:datafield>
        <marc:datafield tag="650" ind1=" " ind2="7">
            <marc:subfield code="a">Polyamory.</marc:subfield>
            <marc:subfield code="2">homoit</marc:subfield>
            <marc:subfield code="0">https://homosaurus.org/v3/homoit0001123</marc:subfield>
        </marc:datafield>
        <marc:datafield tag="650" ind1=" " ind2="7">
            <marc:subfield code="a">Sexual minorities.</marc:subfield>
            <marc:subfield code="2">homoit</marc:subfield>
            <marc:subfield code="1">https://homosaurus.org/v3/homoit0001297</marc:subfield>
        </marc:datafield>
        <marc:datafield tag="650" ind1=" " ind2="7">
            <marc:subfield code="a">Sexual practices.</marc:subfield>
            <marc:subfield code="2">homoit</marc:subfield>
            <marc:subfield code="0">https://homosaurus.org/v3/homoit0001299</marc:subfield>
        </marc:datafield>
        <marc:datafield tag="758" ind1=" " ind2=" ">
            <marc:subfield code="i">has work:</marc:subfield>
            <marc:subfield code="a">Undoing monogamy (Text)</marc:subfield>
            <marc:subfield code="1">https://id.oclc.org/worldcat/entity/E39PCFRPjFtMkdbHR3DQj6pPFC</marc:subfield>
            <marc:subfield code="4">https://id.oclc.org/worldcat/ontology/hasWork</marc:subfield>
        </marc:datafield>
        <marc:datafield tag="776" ind1="0" ind2="8">
            <marc:subfield code="i">Print version:</marc:subfield>
            <marc:subfield code="a">Willey, Angela, 1978-</marc:subfield>
            <marc:subfield code="t">Undoing monogamy.</marc:subfield>
            <marc:subfield code="d">Durham : Duke University Press, 2016</marc:subfield>
            <marc:subfield code="z">9780822361404</marc:subfield>
            <marc:subfield code="w">(DLC)  2015045617</marc:subfield>
            <marc:subfield code="w">(OCoLC)915120389</marc:subfield>
        </marc:datafield>
        <marc:datafield tag="856" ind1="4" ind2="0">
            <marc:subfield code="3">De Gruyter</marc:subfield>
            <marc:subfield code="u">https://doi.org/10.1515/9780822374213</marc:subfield>
        </marc:datafield>
        <marc:datafield tag="856" ind1="4" ind2="0">
            <marc:subfield code="3">De Gruyter</marc:subfield>
            <marc:subfield code="u">https://www.degruyter.com/isbn/9780822374213</marc:subfield>
        </marc:datafield>
        <marc:datafield tag="856" ind1="4" ind2="0">
            <marc:subfield code="3">Digitalia English</marc:subfield>
            <marc:subfield code="u">http://english.digitaliapublishing.com/a/72049/</marc:subfield>
        </marc:datafield>
        <marc:datafield tag="856" ind1="4" ind2="0">
            <marc:subfield code="3">ebrary</marc:subfield>
            <marc:subfield code="u">http://site.ebrary.com/id/11207910</marc:subfield>
        </marc:datafield>
        <marc:datafield tag="856" ind1="4" ind2="0">
            <marc:subfield code="3">EBSCOhost</marc:subfield>
            <marc:subfield code="u">https://search.ebscohost.com/login.aspx?direct=true&amp;scope=site&amp;db=nlebk&amp;db=nlabk&amp;AN=1223481</marc:subfield>
        </marc:datafield>
        <marc:datafield tag="856" ind1="4" ind2="0">
            <marc:subfield code="3">eDuke</marc:subfield>
            <marc:subfield code="u">https://doi.org/10.1215/9780822374213</marc:subfield>
        </marc:datafield>
        <marc:datafield tag="856" ind1="4" ind2="0">
            <marc:subfield code="3">HathiTrust Digital Library</marc:subfield>
            <marc:subfield code="u">http://catalog.hathitrust.org/api/volumes/oclc/915120389.html</marc:subfield>
        </marc:datafield>
        <marc:datafield tag="856" ind1="4" ind2="0">
            <marc:subfield code="3">JSTOR</marc:subfield>
            <marc:subfield code="u">https://www.jstor.org/stable/10.2307/j.ctv1134cs6</marc:subfield>
        </marc:datafield>
        <marc:datafield tag="856" ind1="4" ind2="0">
            <marc:subfield code="3">MyiLibrary</marc:subfield>
            <marc:subfield code="u">http://www.myilibrary.com?id=917339</marc:subfield>
        </marc:datafield>
        <marc:datafield tag="856" ind1="4" ind2="0">
            <marc:subfield code="3">MyiLibrary</marc:subfield>
            <marc:subfield code="u">https://idp.warwick.ac.uk/idp/shibboleth</marc:subfield>
        </marc:datafield>
        <marc:datafield tag="856" ind1="4" ind2="0">
            <marc:subfield code="3">ProQuest Ebook Central</marc:subfield>
            <marc:subfield code="u">https://public.ebookcentral.proquest.com/choice/publicfullrecord.aspx?p=4510795</marc:subfield>
        </marc:datafield>
        <marc:datafield tag="856" ind1="4" ind2="0">
            <marc:subfield code="3">Project MUSE</marc:subfield>
            <marc:subfield code="u">https://muse.jhu.edu/book/70733</marc:subfield>
        </marc:datafield>
        <marc:datafield tag="856" ind1="4" ind2="0">
            <marc:subfield code="3">Scholars Portal</marc:subfield>
            <marc:subfield code="u">http://books.scholarsportal.info/viewdoc.html?id=/ebooks/ebooks0/duke/2016-06-23/1/9780822374213</marc:subfield>
        </marc:datafield>
        <marc:datafield tag="856" ind1="4" ind2="2">
            <marc:subfield code="3">De Gruyter, Cover</marc:subfield>
            <marc:subfield code="u">https://www.degruyter.com/cover/covers/9780822374213.jpg</marc:subfield>
        </marc:datafield>
        <marc:datafield tag="856" ind1="4" ind2="0">
            <marc:subfield code="u">https://doi.org/10.1515/9780822374213?locatt=mode:legacy</marc:subfield>
        </marc:datafield>
        <marc:datafield tag="938" ind1=" " ind2=" ">
            <marc:subfield code="a">Coutts Information Services</marc:subfield>
            <marc:subfield code="b">COUT</marc:subfield>
            <marc:subfield code="n">33320531</marc:subfield>
        </marc:datafield>
        <marc:datafield tag="938" ind1=" " ind2=" ">
            <marc:subfield code="a">De Gruyter</marc:subfield>
            <marc:subfield code="b">DEGR</marc:subfield>
            <marc:subfield code="n">9780822374213</marc:subfield>
        </marc:datafield>
        <marc:datafield tag="938" ind1=" " ind2=" ">
            <marc:subfield code="a">Digitalia Publishing</marc:subfield>
            <marc:subfield code="b">DGIT</marc:subfield>
            <marc:subfield code="n">DIGDUKEUP1088</marc:subfield>
        </marc:datafield>
        <marc:datafield tag="938" ind1=" " ind2=" ">
            <marc:subfield code="a">EBL - Ebook Library</marc:subfield>
            <marc:subfield code="b">EBLB</marc:subfield>
            <marc:subfield code="n">EBL4510795</marc:subfield>
        </marc:datafield>
        <marc:datafield tag="938" ind1=" " ind2=" ">
            <marc:subfield code="a">EBSCOhost</marc:subfield>
            <marc:subfield code="b">EBSC</marc:subfield>
            <marc:subfield code="n">1223481</marc:subfield>
        </marc:datafield>
        <marc:datafield tag="938" ind1=" " ind2=" ">
            <marc:subfield code="a">ProQuest MyiLibrary Digital eBook Collection</marc:subfield>
            <marc:subfield code="b">IDEB</marc:subfield>
            <marc:subfield code="n">cis33320531</marc:subfield>
        </marc:datafield>
        <marc:datafield tag="938" ind1=" " ind2=" ">
            <marc:subfield code="a">Project MUSE</marc:subfield>
            <marc:subfield code="b">MUSE</marc:subfield>
            <marc:subfield code="n">muse81097</marc:subfield>
        </marc:datafield>
        <marc:datafield tag="938" ind1=" " ind2=" ">
            <marc:subfield code="a">YBP Library Services</marc:subfield>
            <marc:subfield code="b">YANK</marc:subfield>
            <marc:subfield code="n">12713422</marc:subfield>
        </marc:datafield>
        <marc:datafield tag="029" ind1="1" ind2=" ">
            <marc:subfield code="a">AU@</marc:subfield>
            <marc:subfield code="b">000056595147</marc:subfield>
        </marc:datafield>
        <marc:datafield tag="029" ind1="1" ind2=" ">
            <marc:subfield code="a">AU@</marc:subfield>
            <marc:subfield code="b">000060915036</marc:subfield>
        </marc:datafield>
        <marc:datafield tag="029" ind1="1" ind2=" ">
            <marc:subfield code="a">ZWZ</marc:subfield>
            <marc:subfield code="b">242689833</marc:subfield>
        </marc:datafield>
    </marc:record>