
    <marc:record>
        <marc:leader>05132cam a2200817 i 4500</marc:leader>
        <marc:controlfield tag="001">915120389</marc:controlfield>
        <marc:controlfield tag="005">20240717211531.2</marc:controlfield>
        <marc:controlfield tag="008">151123t20162016ncua     b    001 0 eng c</marc:controlfield>
        <marc:datafield tag="010" ind1=" " ind2=" ">
            <marc:subfield code="a">  2015045617</marc:subfield>
        </marc:datafield>
        <marc:datafield tag="040" ind1=" " ind2=" ">
            <marc:subfield code="a">NcD/DLC</marc:subfield>
            <marc:subfield code="b">eng</marc:subfield>
            <marc:subfield code="e">rda</marc:subfield>
            <marc:subfield code="c">NDD</marc:subfield>
            <marc:subfield code="d">DLC</marc:subfield>
            <marc:subfield code="d">YDXCP</marc:subfield>
            <marc:subfield code="d">BTCTA</marc:subfield>
            <marc:subfield code="d">BDX</marc:subfield>
            <marc:subfield code="d">NKM</marc:subfield>
            <marc:subfield code="d">INU</marc:subfield>
            <marc:subfield code="d">CHVBK</marc:subfield>
            <marc:subfield code="d">OCLCQ</marc:subfield>
            <marc:subfield code="d">OBE</marc:subfield>
            <marc:subfield code="d">VP@</marc:subfield>
            <marc:subfield code="d">OCLCF</marc:subfield>
            <marc:subfield code="d">OCLCO</marc:subfield>
            <marc:subfield code="d">UKMGB</marc:subfield>
            <marc:subfield code="d">WLU</marc:subfield>
            <marc:subfield code="d">U9X</marc:subfield>
            <marc:subfield code="d">OCLCA</marc:subfield>
            <marc:subfield code="d">OCLCQ</marc:subfield>
            <marc:subfield code="d">OCLCO</marc:subfield>
            <marc:subfield code="d">LVO</marc:subfield>
            <marc:subfield code="d">CUV</marc:subfield>
            <marc:subfield code="d">OCLCO</marc:subfield>
            <marc:subfield code="d">CUV</marc:subfield>
            <marc:subfield code="d">EMRUN</marc:subfield>
            <marc:subfield code="d">OCLCL</marc:subfield>
            <marc:subfield code="d">WAU</marc:subfield>
        </marc:datafield>
        <marc:datafield tag="015" ind1=" " ind2=" ">
            <marc:subfield code="a">GBB669164</marc:subfield>
            <marc:subfield code="2">bnb</marc:subfield>
        </marc:datafield>
        <marc:datafield tag="016" ind1="7" ind2=" ">
            <marc:subfield code="a">017856226</marc:subfield>
            <marc:subfield code="2">Uk</marc:subfield>
        </marc:datafield>
        <marc:datafield tag="020" ind1=" " ind2=" ">
            <marc:subfield code="a">9780822361404</marc:subfield>
            <marc:subfield code="q">(hardcover)</marc:subfield>
        </marc:datafield>
        <marc:datafield tag="020" ind1=" " ind2=" ">
            <marc:subfield code="a">082236140X</marc:subfield>
            <marc:subfield code="q">(hardcover)</marc:subfield>
        </marc:datafield>
        <marc:datafield tag="020" ind1=" " ind2=" ">
            <marc:subfield code="a">9780822361596</marc:subfield>
            <marc:subfield code="q">(paperback)</marc:subfield>
        </marc:datafield>
        <marc:datafield tag="020" ind1=" " ind2=" ">
            <marc:subfield code="a">0822361590</marc:subfield>
            <marc:subfield code="q">(paperback)</marc:subfield>
        </marc:datafield>
        <marc:datafield tag="020" ind1=" " ind2=" ">
            <marc:subfield code="z">9780822374213</marc:subfield>
            <marc:subfield code="q">(e-book)</marc:subfield>
        </marc:datafield>
        <marc:datafield tag="020" ind1=" " ind2=" ">
            <marc:subfield code="z">0822374218</marc:subfield>
            <marc:subfield code="q">(e-book)</marc:subfield>
        </marc:datafield>
        <marc:datafield tag="024" ind1="7" ind2=" ">
            <marc:subfield code="z">10.1515/9780822374213</marc:subfield>
            <marc:subfield code="2">doi</marc:subfield>
        </marc:datafield>
        <marc:datafield tag="042" ind1=" " ind2=" ">
            <marc:subfield code="a">pcc</marc:subfield>
        </marc:datafield>
        <marc:datafield tag="050" ind1="0" ind2="0">
            <marc:subfield code="a">HQ980</marc:subfield>
            <marc:subfield code="b">.W555 2016</marc:subfield>
        </marc:datafield>
        <marc:datafield tag="082" ind1="0" ind2="0">
            <marc:subfield code="a">176/.4</marc:subfield>
            <marc:subfield code="2">23</marc:subfield>
        </marc:datafield>
        <marc:datafield tag="049" ind1=" " ind2=" ">
            <marc:subfield code="a">WAUW</marc:subfield>
        </marc:datafield>
        <marc:datafield tag="100" ind1="1" ind2=" ">
            <marc:subfield code="a">Willey, Angela,</marc:subfield>
            <marc:subfield code="d">1978-</marc:subfield>
            <marc:subfield code="e">author.</marc:subfield>
            <marc:subfield code="1">http://www.wikidata.org/entity/Q57179709</marc:subfield>
        </marc:datafield>
        <marc:datafield tag="245" ind1="1" ind2="0">
            <marc:subfield code="a">Undoing monogamy :</marc:subfield>
            <marc:subfield code="b">the politics of science and the possibilities of biology /</marc:subfield>
            <marc:subfield code="c">Angela Willey.</marc:subfield>
        </marc:datafield>
        <marc:datafield tag="264" ind1=" " ind2="1">
            <marc:subfield code="a">Durham :</marc:subfield>
            <marc:subfield code="b">Duke University Press,</marc:subfield>
            <marc:subfield code="c">2016.</marc:subfield>
        </marc:datafield>
        <marc:datafield tag="264" ind1=" " ind2="4">
            <marc:subfield code="c">©2016</marc:subfield>
        </marc:datafield>
        <marc:datafield tag="300" ind1=" " ind2=" ">
            <marc:subfield code="a">xiv, 195 pages :</marc:subfield>
            <marc:subfield code="b">illustrations ;</marc:subfield>
            <marc:subfield code="c">24 cm</marc:subfield>
        </marc:datafield>
        <marc:datafield tag="336" ind1=" " ind2=" ">
            <marc:subfield code="a">text</marc:subfield>
            <marc:subfield code="b">txt</marc:subfield>
            <marc:subfield code="2">rdacontent</marc:subfield>
        </marc:datafield>
        <marc:datafield tag="337" ind1=" " ind2=" ">
            <marc:subfield code="a">unmediated</marc:subfield>
            <marc:subfield code="b">n</marc:subfield>
            <marc:subfield code="2">rdamedia</marc:subfield>
        </marc:datafield>
        <marc:datafield tag="338" ind1=" " ind2=" ">
            <marc:subfield code="a">volume</marc:subfield>
            <marc:subfield code="b">nc</marc:subfield>
            <marc:subfield code="2">rdacarrier</marc:subfield>
        </marc:datafield>
        <marc:datafield tag="340" ind1=" " ind2=" ">
            <marc:subfield code="g">monochrome</marc:subfield>
            <marc:subfield code="2">rdacc</marc:subfield>
        </marc:datafield>
        <marc:datafield tag="340" ind1=" " ind2=" ">
            <marc:subfield code="g">black and white</marc:subfield>
        </marc:datafield>
        <marc:datafield tag="340" ind1=" " ind2=" ">
            <marc:subfield code="p">illustration</marc:subfield>
            <marc:subfield code="2">rdaill</marc:subfield>
        </marc:datafield>
        <marc:datafield tag="504" ind1=" " ind2=" ">
            <marc:subfield code="a">Includes bibliographical references (pages 147-190) and index.</marc:subfield>
        </marc:datafield>
        <marc:datafield tag="505" ind1="0" ind2=" ">
            <marc:subfield code="a">Politics and possibility : a queer feminist introduction to monogamy -- Monogamy's nature : colonial sexual science and its naturecultural fruits -- Making the monogamous human : mating, measurement, and the new science of bonding -- Making our poly nature : monogamy's inversion and the reproduction of difference -- Rethinking monogamy's nature : from the truth of non/monogamy to a dyke ethics of &quot;antimonogamy&quot; -- Biopossibility : molecular monogamy and Audre Lorde's erotic -- Dreams of a dyke science.</marc:subfield>
        </marc:datafield>
        <marc:datafield tag="520" ind1=" " ind2=" ">
            <marc:subfield code="a">&quot;In Undoing Monogamy Angela Willey offers a radically interdisciplinary exploration of the concept of monogamy in U.S. science and culture, propelled by queer feminist desires for new modes of conceptualization and new forms of belonging. She approaches the politics and materiality of monogamy as intertwined with one another such that disciplinary ways of knowing themselves become an object of critical inquiry. Refusing to answer the naturalization of monogamy with a naturalization of nonmonogamy, Willey demands a critical reorientation toward the monogamy question in the natural sciences, social sciences, and humanities. The book examines colonial sexual science, monogamous voles, polyamory, and the work of Alison Bechdel and Audre Lorde to show how challenging the lens through which human nature is seen as monogamous or nonmonogamous forces us to reconsider our investments in coupling and in disciplinary notions of biological bodies&quot;--Provided by publisher.</marc:subfield>
        </marc:datafield>
        <marc:datafield tag="650" ind1=" " ind2="0">
            <marc:subfield code="a">Non-monogamous relationships.</marc:subfield>
        </marc:datafield>
        <marc:datafield tag="650" ind1=" " ind2="0">
            <marc:subfield code="a">Monogamous relationships.</marc:subfield>
        </marc:datafield>
        <marc:datafield tag="650" ind1=" " ind2="0">
            <marc:subfield code="a">Sexual minorities</marc:subfield>
            <marc:subfield code="x">Sexual behavior.</marc:subfield>
        </marc:datafield>
        <marc:datafield tag="650" ind1=" " ind2="0">
            <marc:subfield code="a">Sexual ethics.</marc:subfield>
        </marc:datafield>
        <marc:datafield tag="650" ind1=" " ind2="6">
            <marc:subfield code="a">Non-monogamie.</marc:subfield>
            <marc:subfield code="0">(CaQQLa)201-0347162</marc:subfield>
        </marc:datafield>
        <marc:datafield tag="650" ind1=" " ind2="6">
            <marc:subfield code="a">Monogamie.</marc:subfield>
            <marc:subfield code="0">(CaQQLa)201-0460566</marc:subfield>
        </marc:datafield>
        <marc:datafield tag="650" ind1=" " ind2="6">
            <marc:subfield code="a">Minorités sexuelles</marc:subfield>
            <marc:subfield code="0">(CaQQLa)201-0427879</marc:subfield>
            <marc:subfield code="x">Sexualité.</marc:subfield>
            <marc:subfield code="0">(CaQQLa)201-0379013</marc:subfield>
        </marc:datafield>
        <marc:datafield tag="650" ind1=" " ind2="6">
            <marc:subfield code="a">Morale sexuelle.</marc:subfield>
            <marc:subfield code="0">(CaQQLa)201-0002493</marc:subfield>
        </marc:datafield>
        <marc:datafield tag="650" ind1=" " ind2="7">
            <marc:subfield code="a">Monogamous relationships</marc:subfield>
            <marc:subfield code="2">fast</marc:subfield>
            <marc:subfield code="0">(OCoLC)fst01737818</marc:subfield>
        </marc:datafield>
        <marc:datafield tag="650" ind1=" " ind2="7">
            <marc:subfield code="a">Non-monogamous relationships</marc:subfield>
            <marc:subfield code="2">fast</marc:subfield>
            <marc:subfield code="0">(OCoLC)fst01038560</marc:subfield>
        </marc:datafield>
        <marc:datafield tag="650" ind1=" " ind2="7">
            <marc:subfield code="a">Sexual ethics</marc:subfield>
            <marc:subfield code="2">fast</marc:subfield>
            <marc:subfield code="0">(OCoLC)fst01114835</marc:subfield>
        </marc:datafield>
        <marc:datafield tag="650" ind1=" " ind2="7">
            <marc:subfield code="a">Monogamie</marc:subfield>
            <marc:subfield code="2">gnd</marc:subfield>
            <marc:subfield code="0">(DE-588)4170463-0</marc:subfield>
        </marc:datafield>
        <marc:datafield tag="650" ind1=" " ind2="7">
            <marc:subfield code="a">Sexuelle Sozialisation</marc:subfield>
            <marc:subfield code="2">gnd</marc:subfield>
            <marc:subfield code="0">(DE-588)4181119-7</marc:subfield>
        </marc:datafield>
        <marc:datafield tag="650" ind1=" " ind2="7">
            <marc:subfield code="a">Generatives Verhalten</marc:subfield>
            <marc:subfield code="2">gnd</marc:subfield>
            <marc:subfield code="0">(DE-588)4020118-1</marc:subfield>
        </marc:datafield>
        <marc:datafield tag="650" ind1=" " ind2="7">
            <marc:subfield code="a">Sozialwissenschaften</marc:subfield>
            <marc:subfield code="2">gnd</marc:subfield>
            <marc:subfield code="0">(DE-588)4055916-6</marc:subfield>
        </marc:datafield>
        <marc:datafield tag="650" ind1=" " ind2="7">
            <marc:subfield code="a">Non-monogamy.</marc:subfield>
            <marc:subfield code="2">homoit</marc:subfield>
            <marc:subfield code="0">https://homosaurus.org/v3/homoit0001659</marc:subfield>
        </marc:datafield>
        <marc:datafield tag="650" ind1=" " ind2="7">
            <marc:subfield code="a">Relationship orientation.</marc:subfield>
            <marc:subfield code="2">homoit</marc:subfield>
            <marc:subfield code="0">https://homosaurus.org/v3/homoit0001636</marc:subfield>
        </marc:datafield>
        <marc:datafield tag="650" ind1=" " ind2="7">
            <marc:subfield code="a">Monogamy.</marc:subfield>
            <marc:subfield code="2">homoit</marc:subfield>
            <marc:subfield code="0">https://homosaurus.org/v3/homoit0001019</marc:subfield>
        </marc:datafield>
        <marc:datafield tag="650" ind1=" " ind2="7">
            <marc:subfield code="a">Sexual relationships.</marc:subfield>
            <marc:subfield code="2">homoit</marc:subfield>
            <marc:subfield code="0">https://homosaurus.org/v3/homoit0001302</marc:subfield>
        </marc:datafield>
        <marc:datafield tag="650" ind1=" " ind2="7">
            <marc:subfield code="a">Partner preference.</marc:subfield>
            <marc:subfield code="2">homoit</marc:subfield>
            <marc:subfield code="0">https://homosaurus.org/v3/homoit0001081</marc:subfield>
        </marc:datafield>
        <marc:datafield tag="650" ind1=" " ind2="7">
            <marc:subfield code="a">Sexual minorities.</marc:subfield>
            <marc:subfield code="2">homoit</marc:subfield>
            <marc:subfield code="0">https://homosaurus.org/v3/homoit0001297</marc:subfield>
        </marc:datafield>
        <marc:datafield tag="650" ind1=" " ind2="7">
            <marc:subfield code="a">Sexual practices.</marc:subfield>
            <marc:subfield code="2">homoit</marc:subfield>
            <marc:subfield code="0">https://homosaurus.org/v3/homoit0001299</marc:subfield>
        </marc:datafield>
        <marc:datafield tag="650" ind1=" " ind2="7">
            <marc:subfield code="a">Polyamory.</marc:subfield>
            <marc:subfield code="2">homoit</marc:subfield>
            <marc:subfield code="0">https://homosaurus.org/v3/homoit0001123</marc:subfield>
        </marc:datafield>
        <marc:datafield tag="758" ind1=" " ind2=" ">
            <marc:subfield code="i">has work:</marc:subfield>
            <marc:subfield code="a">Undoing monogamy (Text)</marc:subfield>
            <marc:subfield code="1">https://id.oclc.org/worldcat/entity/E39PCFRPjFtMkdbHR3DQj6pPFC</marc:subfield>
            <marc:subfield code="4">https://id.oclc.org/worldcat/ontology/hasWork</marc:subfield>
        </marc:datafield>
        <marc:datafield tag="776" ind1="0" ind2="8">
            <marc:subfield code="i">Online version:</marc:subfield>
            <marc:subfield code="a">Willey, Angela, 1978-</marc:subfield>
            <marc:subfield code="t">Undoing monogamy.</marc:subfield>
            <marc:subfield code="d">Durham : Duke University Press, [2016]</marc:subfield>
            <marc:subfield code="z">9780822374213</marc:subfield>
            <marc:subfield code="w">(OCoLC)945006014</marc:subfield>
        </marc:datafield>
        <marc:datafield tag="938" ind1=" " ind2=" ">
            <marc:subfield code="a">Brodart</marc:subfield>
            <marc:subfield code="b">BROD</marc:subfield>
            <marc:subfield code="n">113426518</marc:subfield>
        </marc:datafield>
        <marc:datafield tag="938" ind1=" " ind2=" ">
            <marc:subfield code="a">Baker and Taylor</marc:subfield>
            <marc:subfield code="b">BTCP</marc:subfield>
            <marc:subfield code="n">BK0017478919</marc:subfield>
        </marc:datafield>
        <marc:datafield tag="938" ind1=" " ind2=" ">
            <marc:subfield code="a">YBP Library Services</marc:subfield>
            <marc:subfield code="b">YANK</marc:subfield>
            <marc:subfield code="n">12544646</marc:subfield>
        </marc:datafield>
        <marc:datafield tag="938" ind1=" " ind2=" ">
            <marc:subfield code="a">YBP Library Services</marc:subfield>
            <marc:subfield code="b">YANK</marc:subfield>
            <marc:subfield code="n">12544647</marc:subfield>
        </marc:datafield>
        <marc:datafield tag="029" ind1="1" ind2=" ">
            <marc:subfield code="a">CHSLU</marc:subfield>
            <marc:subfield code="b">001241522</marc:subfield>
        </marc:datafield>
        <marc:datafield tag="029" ind1="1" ind2=" ">
            <marc:subfield code="a">CHVBK</marc:subfield>
            <marc:subfield code="b">363146172</marc:subfield>
        </marc:datafield>
        <marc:datafield tag="029" ind1="1" ind2=" ">
            <marc:subfield code="a">GBVCP</marc:subfield>
            <marc:subfield code="b">840761937</marc:subfield>
        </marc:datafield>
        <marc:datafield tag="029" ind1="1" ind2=" ">
            <marc:subfield code="a">AU@</marc:subfield>
            <marc:subfield code="b">000057874059</marc:subfield>
        </marc:datafield>
        <marc:datafield tag="029" ind1="1" ind2=" ">
            <marc:subfield code="a">UKMGB</marc:subfield>
            <marc:subfield code="b">017856226</marc:subfield>
        </marc:datafield>
    </marc:record>