
    <marc:record>
        <marc:leader>05771cam a2200937 i 4500</marc:leader>
        <marc:controlfield tag="001">989789649</marc:controlfield>
        <marc:controlfield tag="005">20240713165855.2</marc:controlfield>
        <marc:controlfield tag="008">170606t20172017bcca     b    000 0 eng  </marc:controlfield>
        <marc:datafield tag="010" ind1=" " ind2=" ">
            <marc:subfield code="a">  2017448093</marc:subfield>
        </marc:datafield>
        <marc:datafield tag="040" ind1=" " ind2=" ">
            <marc:subfield code="a">NLC</marc:subfield>
            <marc:subfield code="b">eng</marc:subfield>
            <marc:subfield code="e">rda</marc:subfield>
            <marc:subfield code="c">NLC</marc:subfield>
            <marc:subfield code="d">OCLCO</marc:subfield>
            <marc:subfield code="d">OCLCF</marc:subfield>
            <marc:subfield code="d">OCLCQ</marc:subfield>
            <marc:subfield code="d">CNTCS</marc:subfield>
            <marc:subfield code="d">IQU</marc:subfield>
            <marc:subfield code="d">VP@</marc:subfield>
            <marc:subfield code="d">BTCTA</marc:subfield>
            <marc:subfield code="d">YDX</marc:subfield>
            <marc:subfield code="d">DLC</marc:subfield>
            <marc:subfield code="d">OCLCA</marc:subfield>
            <marc:subfield code="d">GUA</marc:subfield>
            <marc:subfield code="d">OCLCQ</marc:subfield>
            <marc:subfield code="d">CLU</marc:subfield>
            <marc:subfield code="d">CNKEY</marc:subfield>
            <marc:subfield code="d">OCLCQ</marc:subfield>
            <marc:subfield code="d">CN5CF</marc:subfield>
            <marc:subfield code="d">UWO</marc:subfield>
            <marc:subfield code="d">NLC</marc:subfield>
            <marc:subfield code="d">BDX</marc:subfield>
            <marc:subfield code="d">LMR</marc:subfield>
            <marc:subfield code="d">OCLCQ</marc:subfield>
            <marc:subfield code="d">TOH</marc:subfield>
            <marc:subfield code="d">WTU</marc:subfield>
            <marc:subfield code="d">KUK</marc:subfield>
            <marc:subfield code="d">OCLCO</marc:subfield>
            <marc:subfield code="d">NLC</marc:subfield>
            <marc:subfield code="d">OCLCO</marc:subfield>
            <marc:subfield code="d">OCLCL</marc:subfield>
            <marc:subfield code="d">ORU</marc:subfield>
            <marc:subfield code="d">OCLCO</marc:subfield>
        </marc:datafield>
        <marc:datafield tag="015" ind1=" " ind2=" ">
            <marc:subfield code="a">20179036211</marc:subfield>
            <marc:subfield code="2">can</marc:subfield>
        </marc:datafield>
        <marc:datafield tag="016" ind1=" " ind2=" ">
            <marc:subfield code="a">(AMICUS)000045225134</marc:subfield>
        </marc:datafield>
        <marc:datafield tag="016" ind1=" " ind2=" ">
            <marc:subfield code="a">20179036211</marc:subfield>
        </marc:datafield>
        <marc:datafield tag="019" ind1=" " ind2=" ">
            <marc:subfield code="a">985071427</marc:subfield>
            <marc:subfield code="a">1008855634</marc:subfield>
            <marc:subfield code="a">1008895319</marc:subfield>
        </marc:datafield>
        <marc:datafield tag="020" ind1=" " ind2=" ">
            <marc:subfield code="a">9780774890205</marc:subfield>
            <marc:subfield code="q">(hardcover)</marc:subfield>
        </marc:datafield>
        <marc:datafield tag="020" ind1=" " ind2=" ">
            <marc:subfield code="a">0774890207</marc:subfield>
            <marc:subfield code="q">(hardcover)</marc:subfield>
        </marc:datafield>
        <marc:datafield tag="020" ind1=" " ind2=" ">
            <marc:subfield code="a">9780774890212</marc:subfield>
            <marc:subfield code="q">(softcover)</marc:subfield>
        </marc:datafield>
        <marc:datafield tag="020" ind1=" " ind2=" ">
            <marc:subfield code="a">0774890215</marc:subfield>
            <marc:subfield code="q">(softcover)</marc:subfield>
        </marc:datafield>
        <marc:datafield tag="020" ind1=" " ind2=" ">
            <marc:subfield code="z">9780774890229</marc:subfield>
            <marc:subfield code="q">(PDF)</marc:subfield>
        </marc:datafield>
        <marc:datafield tag="020" ind1=" " ind2=" ">
            <marc:subfield code="z">9780774890236</marc:subfield>
            <marc:subfield code="q">(EPUB)</marc:subfield>
        </marc:datafield>
        <marc:datafield tag="020" ind1=" " ind2=" ">
            <marc:subfield code="z">9780774890243</marc:subfield>
            <marc:subfield code="q">(Kindle)</marc:subfield>
        </marc:datafield>
        <marc:datafield tag="042" ind1=" " ind2=" ">
            <marc:subfield code="a">pcc</marc:subfield>
            <marc:subfield code="a">lac</marc:subfield>
        </marc:datafield>
        <marc:datafield tag="043" ind1=" " ind2=" ">
            <marc:subfield code="a">n-cn---</marc:subfield>
        </marc:datafield>
        <marc:datafield tag="050" ind1=" " ind2="4">
            <marc:subfield code="a">LC2576.C2</marc:subfield>
            <marc:subfield code="b">S56 2017</marc:subfield>
        </marc:datafield>
        <marc:datafield tag="055" ind1="0" ind2="0">
            <marc:subfield code="a">LC2576.C3</marc:subfield>
            <marc:subfield code="b">S56 2017</marc:subfield>
        </marc:datafield>
        <marc:datafield tag="082" ind1="0" ind2="4">
            <marc:subfield code="a">371.826/60971</marc:subfield>
            <marc:subfield code="2">23</marc:subfield>
        </marc:datafield>
        <marc:datafield tag="084" ind1=" " ind2=" ">
            <marc:subfield code="a">cci1icc</marc:subfield>
            <marc:subfield code="2">lacc</marc:subfield>
        </marc:datafield>
        <marc:datafield tag="084" ind1=" " ind2=" ">
            <marc:subfield code="a">coll13</marc:subfield>
            <marc:subfield code="2">lacc</marc:subfield>
        </marc:datafield>
        <marc:datafield tag="049" ind1=" " ind2=" ">
            <marc:subfield code="a">WAUW</marc:subfield>
        </marc:datafield>
        <marc:datafield tag="100" ind1="1" ind2=" ">
            <marc:subfield code="a">Short, Donn,</marc:subfield>
            <marc:subfield code="e">author.</marc:subfield>
            <marc:subfield code="1">https://id.oclc.org/worldcat/entity/E39PCjBdfKBh4HVqrJt6vbQDv3</marc:subfield>
        </marc:datafield>
        <marc:datafield tag="245" ind1="1" ind2="0">
            <marc:subfield code="a">Am I safe here? :</marc:subfield>
            <marc:subfield code="b">LGBTQ teens and bullying in schools /</marc:subfield>
            <marc:subfield code="c">Donn Short.</marc:subfield>
        </marc:datafield>
        <marc:datafield tag="264" ind1=" " ind2="1">
            <marc:subfield code="a">Vancouver ;</marc:subfield>
            <marc:subfield code="a">Toronto :</marc:subfield>
            <marc:subfield code="b">On Point Press, a UBC Press imprint,</marc:subfield>
            <marc:subfield code="c">[2017]</marc:subfield>
        </marc:datafield>
        <marc:datafield tag="264" ind1=" " ind2="4">
            <marc:subfield code="c">©2017</marc:subfield>
        </marc:datafield>
        <marc:datafield tag="300" ind1=" " ind2=" ">
            <marc:subfield code="a">xix, 140 pages :</marc:subfield>
            <marc:subfield code="b">illustrations ;</marc:subfield>
            <marc:subfield code="c">24 cm</marc:subfield>
        </marc:datafield>
        <marc:datafield tag="336" ind1=" " ind2=" ">
            <marc:subfield code="a">text</marc:subfield>
            <marc:subfield code="b">txt</marc:subfield>
            <marc:subfield code="2">rdacontent</marc:subfield>
        </marc:datafield>
        <marc:datafield tag="337" ind1=" " ind2=" ">
            <marc:subfield code="a">unmediated</marc:subfield>
            <marc:subfield code="b">n</marc:subfield>
            <marc:subfield code="2">rdamedia</marc:subfield>
        </marc:datafield>
        <marc:datafield tag="338" ind1=" " ind2=" ">
            <marc:subfield code="a">volume</marc:subfield>
            <marc:subfield code="b">nc</marc:subfield>
            <marc:subfield code="2">rdacarrier</marc:subfield>
        </marc:datafield>
        <marc:datafield tag="504" ind1=" " ind2=" ">
            <marc:subfield code="a">Includes bibliographical references.</marc:subfield>
        </marc:datafield>
        <marc:datafield tag="505" ind1="0" ind2=" ">
            <marc:subfield code="a">Changing the culture -- How safe is my school? -- Homophobia, heterosexism, and heteronormativity -- Rules to live by, or, How to succeed in school without really changing anything -- What now?</marc:subfield>
        </marc:datafield>
        <marc:datafield tag="520" ind1=" " ind2=" ">
            <marc:subfield code="a">&quot;Am I safe here?&quot; Every day, LGBTQ students ask this question within the school system. This book shines a light on the marginalization and bullying faced by LGBTQ youth, offering a new conceptualization of school safety. Donn Short treats students as the experts on what happens in their schools, giving them a chance to speak for themselves. They identify what it would take to make a school truly safe--insightfully explaining that safety doesn't come merely from security cameras, ID tags, and dress codes, but from a culture that values equity and social justice. Revealing the reality of going to school in an environment that implicitly (and sometimes explicitly) endorses homophobia, heterosexism, and heteronormativity, the students share their ideas about how to change school culture. They envision a future in which LGBTQ youth are an expected, respected, and celebrated part of school life. Am I Safe Here? explores what needs to be done to create equitable and inclusive schools--but it is not strictly about formal professional development plans. Rather, it draws from the informal, spontaneous, timely, and relevant words of gay, lesbian, bisexual, and transgendered students to show that nothing less than a total culture change is needed.&quot;--</marc:subfield>
            <marc:subfield code="c">Provided by publisher.</marc:subfield>
        </marc:datafield>
        <marc:datafield tag="530" ind1=" " ind2=" ">
            <marc:subfield code="a">Issued also in electronic format.</marc:subfield>
        </marc:datafield>
        <marc:datafield tag="650" ind1=" " ind2="0">
            <marc:subfield code="a">Lesbian students</marc:subfield>
            <marc:subfield code="z">Canada.</marc:subfield>
        </marc:datafield>
        <marc:datafield tag="650" ind1=" " ind2="0">
            <marc:subfield code="a">Gay students</marc:subfield>
            <marc:subfield code="z">Canada.</marc:subfield>
        </marc:datafield>
        <marc:datafield tag="650" ind1=" " ind2="0">
            <marc:subfield code="a">Bisexual students</marc:subfield>
            <marc:subfield code="z">Canada.</marc:subfield>
        </marc:datafield>
        <marc:datafield tag="650" ind1=" " ind2="0">
            <marc:subfield code="a">Transgender youth</marc:subfield>
            <marc:subfield code="z">Canada.</marc:subfield>
        </marc:datafield>
        <marc:datafield tag="650" ind1=" " ind2="0">
            <marc:subfield code="a">Sexual minorities</marc:subfield>
            <marc:subfield code="z">Canada.</marc:subfield>
        </marc:datafield>
        <marc:datafield tag="650" ind1=" " ind2="0">
            <marc:subfield code="a">Teenagers</marc:subfield>
            <marc:subfield code="z">Canada.</marc:subfield>
        </marc:datafield>
        <marc:datafield tag="650" ind1=" " ind2="0">
            <marc:subfield code="a">Bullying in schools</marc:subfield>
            <marc:subfield code="z">Canada.</marc:subfield>
        </marc:datafield>
        <marc:datafield tag="650" ind1=" " ind2="6">
            <marc:subfield code="a">Élèves lesbiennes</marc:subfield>
            <marc:subfield code="0">(CaQQLa)201-0337623</marc:subfield>
            <marc:subfield code="z">Canada.</marc:subfield>
            <marc:subfield code="0">(CaQQLa)201-0407174</marc:subfield>
        </marc:datafield>
        <marc:datafield tag="650" ind1=" " ind2="6">
            <marc:subfield code="a">Élèves homosexuels</marc:subfield>
            <marc:subfield code="0">(CaQQLa)201-0273907</marc:subfield>
            <marc:subfield code="z">Canada.</marc:subfield>
            <marc:subfield code="0">(CaQQLa)201-0407174</marc:subfield>
        </marc:datafield>
        <marc:datafield tag="650" ind1=" " ind2="6">
            <marc:subfield code="a">Jeunes transgenres</marc:subfield>
            <marc:subfield code="0">(CaQQLa)000265325</marc:subfield>
            <marc:subfield code="z">Canada.</marc:subfield>
            <marc:subfield code="0">(CaQQLa)201-0407174</marc:subfield>
        </marc:datafield>
        <marc:datafield tag="650" ind1=" " ind2="6">
            <marc:subfield code="a">Minorités sexuelles</marc:subfield>
            <marc:subfield code="0">(CaQQLa)201-0427879</marc:subfield>
            <marc:subfield code="z">Canada.</marc:subfield>
            <marc:subfield code="0">(CaQQLa)201-0407174</marc:subfield>
        </marc:datafield>
        <marc:datafield tag="650" ind1=" " ind2="6">
            <marc:subfield code="a">Adolescents</marc:subfield>
            <marc:subfield code="z">Canada.</marc:subfield>
            <marc:subfield code="0">(CaQQLa)201-0196401</marc:subfield>
        </marc:datafield>
        <marc:datafield tag="650" ind1=" " ind2="6">
            <marc:subfield code="a">Intimidation dans les écoles</marc:subfield>
            <marc:subfield code="0">(CaQQLa)201-0369221</marc:subfield>
            <marc:subfield code="z">Canada.</marc:subfield>
            <marc:subfield code="0">(CaQQLa)201-0407174</marc:subfield>
        </marc:datafield>
        <marc:datafield tag="650" ind1=" " ind2="7">
            <marc:subfield code="a">Bisexual students</marc:subfield>
            <marc:subfield code="2">fast</marc:subfield>
            <marc:subfield code="0">(OCoLC)fst00833337</marc:subfield>
        </marc:datafield>
        <marc:datafield tag="650" ind1=" " ind2="7">
            <marc:subfield code="a">Bullying in schools</marc:subfield>
            <marc:subfield code="2">fast</marc:subfield>
            <marc:subfield code="0">(OCoLC)fst00841563</marc:subfield>
        </marc:datafield>
        <marc:datafield tag="650" ind1=" " ind2="7">
            <marc:subfield code="a">Gay students</marc:subfield>
            <marc:subfield code="2">fast</marc:subfield>
            <marc:subfield code="0">(OCoLC)fst00939226</marc:subfield>
        </marc:datafield>
        <marc:datafield tag="650" ind1=" " ind2="7">
            <marc:subfield code="a">Lesbian students</marc:subfield>
            <marc:subfield code="2">fast</marc:subfield>
            <marc:subfield code="0">(OCoLC)fst00996503</marc:subfield>
        </marc:datafield>
        <marc:datafield tag="650" ind1=" " ind2="7">
            <marc:subfield code="a">Sexual minorities</marc:subfield>
            <marc:subfield code="2">fast</marc:subfield>
            <marc:subfield code="0">(OCoLC)fst01202158</marc:subfield>
        </marc:datafield>
        <marc:datafield tag="650" ind1=" " ind2="7">
            <marc:subfield code="a">Teenagers</marc:subfield>
            <marc:subfield code="2">fast</marc:subfield>
            <marc:subfield code="0">(OCoLC)fst01145551</marc:subfield>
        </marc:datafield>
        <marc:datafield tag="650" ind1=" " ind2="7">
            <marc:subfield code="a">Transgender youth</marc:subfield>
            <marc:subfield code="2">fast</marc:subfield>
            <marc:subfield code="0">(OCoLC)fst01743062</marc:subfield>
        </marc:datafield>
        <marc:datafield tag="651" ind1=" " ind2="7">
            <marc:subfield code="a">Canada</marc:subfield>
            <marc:subfield code="2">fast</marc:subfield>
            <marc:subfield code="1">https://id.oclc.org/worldcat/entity/E39PBJkMHVW4rfVXPrhVP4VwG3</marc:subfield>
            <marc:subfield code="0">(OCoLC)fst01204310</marc:subfield>
        </marc:datafield>
        <marc:datafield tag="650" ind1=" " ind2="7">
            <marc:subfield code="a">LGBTQ+ youth.</marc:subfield>
            <marc:subfield code="2">homoit</marc:subfield>
            <marc:subfield code="0">https://homosaurus.org/v3/homoit0001521</marc:subfield>
        </marc:datafield>
        <marc:datafield tag="650" ind1=" " ind2="7">
            <marc:subfield code="a">Queer youth.</marc:subfield>
            <marc:subfield code="2">homoit</marc:subfield>
            <marc:subfield code="0">https://homosaurus.org/v3/homoit0001215</marc:subfield>
        </marc:datafield>
        <marc:datafield tag="650" ind1=" " ind2="7">
            <marc:subfield code="a">Bullying.</marc:subfield>
            <marc:subfield code="2">homoit</marc:subfield>
            <marc:subfield code="0">https://homosaurus.org/v3/homoit0000228</marc:subfield>
        </marc:datafield>
        <marc:datafield tag="650" ind1=" " ind2="7">
            <marc:subfield code="a">Homophobia.</marc:subfield>
            <marc:subfield code="2">homoit</marc:subfield>
            <marc:subfield code="0">https://homosaurus.org/v3/homoit0000646</marc:subfield>
        </marc:datafield>
        <marc:datafield tag="650" ind1=" " ind2="7">
            <marc:subfield code="a">Heterosexism.</marc:subfield>
            <marc:subfield code="2">homoit</marc:subfield>
            <marc:subfield code="0">https://homosaurus.org/v3/homoit0000619</marc:subfield>
        </marc:datafield>
        <marc:datafield tag="650" ind1=" " ind2="7">
            <marc:subfield code="a">Heteronormativity.</marc:subfield>
            <marc:subfield code="2">homoit</marc:subfield>
            <marc:subfield code="0">https://homosaurus.org/v3/homoit0000620</marc:subfield>
        </marc:datafield>
        <marc:datafield tag="650" ind1=" " ind2="7">
            <marc:subfield code="a">LGBTQ+ victims of bullying.</marc:subfield>
            <marc:subfield code="2">homoit</marc:subfield>
            <marc:subfield code="0">https://homosaurus.org/v3/homoit0001989</marc:subfield>
        </marc:datafield>
        <marc:datafield tag="758" ind1=" " ind2=" ">
            <marc:subfield code="i">has work:</marc:subfield>
            <marc:subfield code="a">Am I safe here? (Text)</marc:subfield>
            <marc:subfield code="1">https://id.oclc.org/worldcat/entity/E39PCFwgxvrkWTpVKtHTbpRmHP</marc:subfield>
            <marc:subfield code="4">https://id.oclc.org/worldcat/ontology/hasWork</marc:subfield>
        </marc:datafield>
        <marc:datafield tag="776" ind1="1" ind2=" ">
            <marc:subfield code="a">Short, Donn.</marc:subfield>
            <marc:subfield code="t">Am I safe here?.</marc:subfield>
            <marc:subfield code="w">(CaOONL)2017903622X</marc:subfield>
        </marc:datafield>
        <marc:datafield tag="776" ind1="0" ind2="8">
            <marc:subfield code="i">Online version:</marc:subfield>
            <marc:subfield code="a">Short, Donn.</marc:subfield>
            <marc:subfield code="t">Am I safe here?</marc:subfield>
            <marc:subfield code="d">Vancouver ; Toronto : On Point Press, a UBC Press imprint, [2017]</marc:subfield>
            <marc:subfield code="z">9780774890229</marc:subfield>
            <marc:subfield code="w">(OCoLC)989789790</marc:subfield>
        </marc:datafield>
        <marc:datafield tag="938" ind1=" " ind2=" ">
            <marc:subfield code="a">Brodart</marc:subfield>
            <marc:subfield code="b">BROD</marc:subfield>
            <marc:subfield code="n">120593920</marc:subfield>
        </marc:datafield>
        <marc:datafield tag="938" ind1=" " ind2=" ">
            <marc:subfield code="a">Brodart</marc:subfield>
            <marc:subfield code="b">BROD</marc:subfield>
            <marc:subfield code="n">120593939</marc:subfield>
        </marc:datafield>
        <marc:datafield tag="938" ind1=" " ind2=" ">
            <marc:subfield code="a">YBP Library Services</marc:subfield>
            <marc:subfield code="b">YANK</marc:subfield>
            <marc:subfield code="n">14578321</marc:subfield>
        </marc:datafield>
        <marc:datafield tag="938" ind1=" " ind2=" ">
            <marc:subfield code="a">YBP Library Services</marc:subfield>
            <marc:subfield code="b">YANK</marc:subfield>
            <marc:subfield code="n">14578320</marc:subfield>
        </marc:datafield>
        <marc:datafield tag="938" ind1=" " ind2=" ">
            <marc:subfield code="a">Baker and Taylor</marc:subfield>
            <marc:subfield code="b">BTCP</marc:subfield>
            <marc:subfield code="n">BK0020691152</marc:subfield>
        </marc:datafield>
        <marc:datafield tag="029" ind1="0" ind2=" ">
            <marc:subfield code="a">NLC</marc:subfield>
            <marc:subfield code="b">20179036211</marc:subfield>
        </marc:datafield>
        <marc:datafield tag="029" ind1="1" ind2=" ">
            <marc:subfield code="a">NLC</marc:subfield>
            <marc:subfield code="b">000045225134</marc:subfield>
        </marc:datafield>
        <marc:datafield tag="029" ind1="1" ind2=" ">
            <marc:subfield code="a">AU@</marc:subfield>
            <marc:subfield code="b">000060936723</marc:subfield>
        </marc:datafield>
        <marc:datafield tag="029" ind1="1" ind2=" ">
            <marc:subfield code="a">AU@</marc:subfield>
            <marc:subfield code="b">000076160158</marc:subfield>
        </marc:datafield>
    </marc:record>
</marc:collection>
